
@article{Vitoratou2021a,
    author = {Vitoratou, S. and Uglik-Marucha, N. and Hayes, C. and Gregory, J.},
    title = {Listening to People with Misophonia: Exploring the Multiple Dimensions of Sound Intolerance Using a New Psychometric Tool, the S-Five, in a Large Sample of Individuals Identifying with the Condition},
    journal = {Psych},
    year = {2021},
    volume = {3},
    number = {4},
    pages = {639--658},
    doi = {10.3390/psych3040041}
}

@article{Jastreboff2001,
    author = {J Jastreboff and Margaret M Jastreboff},
    title = {Decreased sound tolerance: hyperacusis, misophonia, diplacousis, and polyacousis},
    journal ={Handbook of clinical neurology},
    year ={2015},
    volume = {129},
   number = 7,
   pages = "375-387"
}

@article{brenner2014role,
  title={The role of encoding and attention in facial emotion memory: An EEG investigation},
  author={Brenner, Colleen A and Rumak, Samuel P and Burns, Amy MN and Kieffaber, Paul D},
  journal={International journal of psychophysiology},
  volume={93},
  pages={398--410},
  year={2014},
  publisher={Elsevier}
}

@article{student1908probable,
  title={The probable error of a mean},
  author={Student},
  journal={Biometrika},
  pages={1--25},
  year={1908},
  publisher={JSTOR}
}